@misc{mathworks, title={psnr}, url={https://www.mathworks.com/help/vision/ref/psnr.html}, journal={Compute peak signal-to-noise ratio (PSNR) between images - Simulink}, author={MATHWORKS}}

@book{welstead_1999, title={Fractal and wavelet image compression techniques}, publisher={SPIE Optical Engineering Press}, author={Welstead, Stephen T.}, year={1999}}

 @misc{mcgrath_tobin_goiffon_magan_2018, title={Dark Current Limiting Mechanism in CMOS Image Sensors}, url={https://www.ingentaconnect.com/contentone/ist/ei/2018/00002018/00000011/art00004?crawler=true&mimetype=application/pdf}, journal={Dark Current Limiting Mechanism in CMOS Image Sensors}, publisher={Society for Imaging Science and Technology}, author={McGrath, Dan and Tobin, Steve and Goiffon, Vincent and Magan, Pierre}, year={2018}}
 
@misc{Tokyo_Electron_Committee, title={The Principles of Semiconductor}, url={https://www.tel.com/museum/exhibition/principle/cmos.html}, journal={What is a CMOS Image Sensor}, publisher={Nanotec Museum }, author={Tokyo Electron Committee}}

@misc{bardoux_penquer_gilard_ecoffet_auvergne_2017, title={Radiation effects on image sensors}, url={https://www.spiedigitallibrary.org/conference-proceedings-of-spie/10564/105640M/Radiation-effects-on-image-sensors/10.1117/12.2309026.full?SSO=1}, journal={Search the world's largest collection of optics and photonics applied research.}, publisher={International Society for Optics and Photonics}, author={Bardoux, Alain and Penquer, Antoine and Gilard, Olivier and Ecoffet, Robert and Auvergne, Michel}, year={2017}, month={Nov}}

@misc{wantabe_takeuchi_ozawa_akahori_tsuchiya_2017, title={A New Radiation Hardened CMOS Image Sensor for Nuclear Plant}, url={https://www.imagesensors.org/Past Workshops/2017 Workshop/2017 Papers/P41.pdf}, publisher={Image Sensors}, author={Wantabe, T. and Takeuchi, T. and Ozawa, O. and Akahori, T. and Tsuchiya, K.}, year={2017}}